[gd_scene load_steps=5 format=3 uid="uid://b7d03mg2rg673"]

[ext_resource type="Script" path="res://Scripts/Objects (Scripts)/Shrine.gd" id="1_r82fk"]
[ext_resource type="Texture2D" uid="uid://cb5h2fxhamdfp" path="res://Art/Textures/Shrine.png" id="2_x0d3l"]
[ext_resource type="Script" path="res://Scripts/Concepts (Scripts)/UI Items (Scripts)/Menu.gd" id="3_l457h"]
[ext_resource type="Script" path="res://Scripts/Concepts (Scripts)/UIItem.gd" id="3_thmnn"]

[node name="Shrine" type="Node2D" node_paths=PackedStringArray("invokeButtonLabel", "canvasItem", "giveCashButton", "infoLabel")]
script = ExtResource("1_r82fk")
invokeButtonLabel = NodePath("VBoxContainer/Destroy Button/Destroy Button Label")
canvasItem = NodePath("Sprite2D")
loseGodPointsForDestroying = 10
cashForDestroying = 100
addGodPointsPerHp = 8
loseGodPointsPerHp = 2
cashBatchSize = 10
addGodPointsPerCashBatch = 4
loseGodPointsPerCashBatch = 2
giveCashButton = NodePath("VBoxContainer/Give Cash Button")
infoLabel = NodePath("Info Label")

[node name="Sprite2D" type="Sprite2D" parent="."]
scale = Vector2(0.15, 0.15)
texture = ExtResource("2_x0d3l")

[node name="VBoxContainer" type="VBoxContainer" parent="."]
offset_left = -75.0
offset_top = 64.0
offset_right = 75.0
offset_bottom = 170.0
theme_override_constants/separation = 5
script = ExtResource("3_thmnn")
pivotNormalized = Vector2(0.5, 0.5)

[node name="Give Cash Button" type="Button" parent="VBoxContainer"]
custom_minimum_size = Vector2(0, 32.5)
layout_mode = 2

[node name="Give Cash Button Label" type="Label" parent="VBoxContainer/Give Cash Button"]
layout_mode = 0
offset_right = 150.0
offset_bottom = 32.5
text = "Give 10 Materials"
horizontal_alignment = 1
vertical_alignment = 1

[node name="Give Hp Button" type="Button" parent="VBoxContainer"]
custom_minimum_size = Vector2(0, 32.5)
layout_mode = 2

[node name="Give Hp Button Label" type="Label" parent="VBoxContainer/Give Hp Button"]
layout_mode = 0
offset_right = 150.0
offset_bottom = 32.5
text = "Give Health"
horizontal_alignment = 1
vertical_alignment = 1

[node name="Destroy Button" type="Button" parent="VBoxContainer"]
custom_minimum_size = Vector2(0, 32.5)
layout_mode = 2

[node name="Destroy Button Label" type="Label" parent="VBoxContainer/Destroy Button"]
layout_mode = 0
offset_right = 150.0
offset_bottom = 32.5
text = "Ransack"
horizontal_alignment = 1
vertical_alignment = 1

[node name="Menu" type="Control" parent="."]
layout_mode = 3
anchors_preset = 0
offset_left = -64.0
offset_top = 64.0
offset_right = 64.0
offset_bottom = 192.0
script = ExtResource("3_l457h")
unpauseOnClose = true

[node name="Info Label" type="Label" parent="."]
offset_left = -768.0
offset_top = -256.0
offset_right = 750.0
offset_bottom = -77.0
text = "This is a shrine to  _

Giving 10 materials will gain you 4 favor points for the corresponding god and lose you one favor point for the other two.

Giving one health will gain you 8 favor points for the corresponding god and lose you one favor point for the other two.

Ransacking will lose you 10 favor points for the corresponding god and gain you 5 favor points for the other two. Also, you will get 100 materials, but you won't be able to utilize this shrine anymore."
horizontal_alignment = 1
vertical_alignment = 1
script = ExtResource("3_thmnn")
pivotNormalized = Vector2(0.5, 0.5)

[connection signal="pressed" from="VBoxContainer/Give Cash Button" to="." method="GiveCash"]
[connection signal="pressed" from="VBoxContainer/Give Cash Button" to="Menu" method="Close"]
[connection signal="pressed" from="VBoxContainer/Give Hp Button" to="." method="GiveHp"]
[connection signal="pressed" from="VBoxContainer/Give Hp Button" to="Menu" method="Close"]
[connection signal="pressed" from="VBoxContainer/Destroy Button" to="." method="Destroy"]
[connection signal="pressed" from="VBoxContainer/Destroy Button" to="Menu" method="Close"]
