[gd_scene load_steps=5 format=3 uid="uid://be5xklmk4ts1w"]

[ext_resource type="PackedScene" uid="uid://dhge04untlop6" path="res://Scenes/Concepts (Scenes)/UI Items (Scenes)/Menu.tscn" id="1_ovtar"]
[ext_resource type="Script" path="res://Scripts/Concepts (Scripts)/UI Items (Scripts)/Menus (Scripts)/PauseMenu.gd" id="2_q6uad"]

[sub_resource type="LabelSettings" id="LabelSettings_o30rs"]
font_size = 50

[sub_resource type="LabelSettings" id="LabelSettings_sjf2s"]
font_size = 40

[node name="Pause Menu" instance=ExtResource("1_ovtar")]
offset_left = -246.0
offset_top = -299.0
offset_right = 229.0
offset_bottom = 301.0
script = ExtResource("2_q6uad")
pauseOnOpen = true
unpauseOnClose = true

[node name="ColorRect" type="ColorRect" parent="." index="0"]
layout_mode = 0
offset_right = 475.0
offset_bottom = 600.0
color = Color(1, 1, 1, 0.501961)

[node name="VBoxContainer" type="VBoxContainer" parent="ColorRect" index="0"]
layout_mode = 0
offset_right = 475.0
offset_bottom = 600.0

[node name="Title Label" type="Label" parent="ColorRect/VBoxContainer" index="0"]
modulate = Color(0, 0, 0, 1)
custom_minimum_size = Vector2(0, 100)
layout_mode = 2
text = "Pause Menu"
label_settings = SubResource("LabelSettings_o30rs")
horizontal_alignment = 1
vertical_alignment = 1

[node name="Resume Button" type="Button" parent="ColorRect/VBoxContainer" index="1"]
custom_minimum_size = Vector2(0, 100)
layout_mode = 2

[node name="Resume Button Label" type="Label" parent="ColorRect/VBoxContainer/Resume Button" index="0"]
modulate = Color(0, 0, 0, 1)
layout_mode = 0
offset_right = 475.0
offset_bottom = 100.0
text = "Resume"
label_settings = SubResource("LabelSettings_sjf2s")
horizontal_alignment = 1
vertical_alignment = 1

[node name="Settings Button" type="Button" parent="ColorRect/VBoxContainer" index="2"]
custom_minimum_size = Vector2(0, 100)
layout_mode = 2

[node name="Settings Button Label" type="Label" parent="ColorRect/VBoxContainer/Settings Button" index="0"]
modulate = Color(0, 0, 0, 1)
layout_mode = 0
offset_right = 475.0
offset_bottom = 100.0
text = "Settings"
label_settings = SubResource("LabelSettings_sjf2s")
horizontal_alignment = 1
vertical_alignment = 1

[node name="Quit Button" type="Button" parent="ColorRect/VBoxContainer" index="3"]
custom_minimum_size = Vector2(0, 100)
layout_mode = 2

[node name="Quit Button Label" type="Label" parent="ColorRect/VBoxContainer/Quit Button" index="0"]
modulate = Color(0, 0, 0, 1)
layout_mode = 0
offset_right = 475.0
offset_bottom = 100.0
text = "Quit"
label_settings = SubResource("LabelSettings_sjf2s")
horizontal_alignment = 1
vertical_alignment = 1

[connection signal="pressed" from="ColorRect/VBoxContainer/Resume Button" to="." method="Close"]
[connection signal="pressed" from="ColorRect/VBoxContainer/Settings Button" to="." method="OpenSettingsMenu"]
[connection signal="pressed" from="ColorRect/VBoxContainer/Quit Button" to="." method="Quit"]
